@phdthesis{moulon-tel-00996935,  TITLE = {{Robust and accurate calibration of camera networks}},  AUTHOR = {Moulon, Pierre},  URL = {https://tel.archives-ouvertes.fr/tel-00996935},  SCHOOL = {{Universit{\'e} Paris-Est}},  YEAR = {2014},  MONTH = {Jan},  KEYWORDS = {multi-view stereovision ; robust estimation ; linear programming ; computer vision ; calibration ; st{\'e}r{\'e}ovision multi-vue ; st{\'e}r{\'e}ovision ; estimation robuste ; programmation lin{\'e}aire ; vision par ordinateur},  TYPE = {Theses},  PDF = {https://tel.archives-ouvertes.fr/tel-00996935/file/These_MOULON.pdf},  HAL_ID = {tel-00996935},  HAL_VERSION = {v1},}@INPROCEEDINGS{17-points-4587545,author={Hongdong Li and Hartley, R. and Jae-Hak Kim},booktitle={Computer Vision and Pattern Recognition, 2008. CVPR 2008. IEEE Conference on},title={A linear approach to motion estimation using generalized camera models},year={2008},pages={1-8},keywords={cameras;motion estimation;17-point algorithm;generalized camera models;linear approach;motion estimation;Australia;Cameras;Computational efficiency;Computational modeling;Equations;Iterative algorithms;Matrix decomposition;Motion estimation;Singular value decomposition;Testing},doi={10.1109/CVPR.2008.4587545},ISSN={1063-6919},month={June},}@INPROCEEDINGS{Stewenius05solutionsto,    author = {Henrik Stewenius and David Nist\'er and et al.},    title = {Solutions to Minimal Generalized Relative Pose Problems},    booktitle = {IN WORKSHOP ON OMNIDIRECTIONAL VISION},    year = {2005},    publisher = {}}@INPROCEEDINGS{ge-kneip,author={Kneip, L. and Hongdong Li},booktitle={Computer Vision and Pattern Recognition (CVPR), 2014 IEEE Conference on},title={Efficient Computation of Relative Pose for Multi-camera Systems},year={2014},pages={446-453},keywords={cameras;computational complexity;computational geometry;motion estimation;optimisation;pose estimation;Ransac schemes;camera clusters;computational complexity;computational efficiency;epipolar constraints;generalized camera;low-dimensional iterative optimization;omnidirectional landmark observations;real-time multicamera motion estimation;relative pose computation;virtual multicamera systems;Cameras;Eigenvalues and eigenfunctions;Minimization;Noise;Optimization;Resilience;Vectors;Computer Vision;Generalized Camera;Relative Pose;Structure from Motion},doi={10.1109/CVPR.2014.64},month={June},}@INPROCEEDINGS{opengv,author={Kneip, L. and Furgale, P.},booktitle={Robotics and Automation (ICRA), 2014 IEEE International Conference on},title={OpenGV: A unified and generalized approach to real-time calibrated geometric vision},year={2014},pages={1-8},keywords={C++ language;computer vision;iterative methods;pose estimation;public domain software;software libraries;C++ library;OpenGV;geometric vision algorithms;minimal closed-form solvers;multicamera system abstraction;noncentral multicamera systems;nonlinear iterative optimization;nonminimal closed-form solvers;open-source platform;real-time calibrated geometric vision;relative camera pose computation algorithms;robust sample consensus methods;Cameras;Computational modeling;Libraries;Real-time systems;Robots;Three-dimensional displays;Vectors},doi={10.1109/ICRA.2014.6906582},month={May},}@misc{opengv-online,  author = {Kneip, L. and Furgale, P.},  title = {{OpenGV:} The OpenGV library},  year = 2014,  howpublished = {\url{http://laurentkneip.github.io/opengv/index.html}},  note = {2015-09-14}}@book{Hartley:2003:MVG:861369, author = {Hartley, Richard and Zisserman, Andrew}, title = {Multiple View Geometry in Computer Vision}, year = {2003}, isbn = {0521540518}, edition = {2}, publisher = {Cambridge University Press}, address = {New York, NY, USA},}@misc{osi,  title = {OSI},  year = 2015,  howpublished = {\url{https://projects.coin-or.org/Osi}},  note = {2015-09-14}}@misc{clp,  title = {CLP},  year = 2015,  howpublished = {\url{https://projects.coin-or.org/Clp/wiki}},  note = {2015-09-14}}